@online{touchlistener,
  author       = {{Google Inc}},
  title        = {Android.view.View.OnTouchListener},
  url          = {http://developer.android.com/reference/android/view/View.OnTouchListener.html},
  date         = {2014-02-13},
  urldate      = {2014-02-22}
}