@online{touchlistener,
  author       = {{Google Inc}},
  title        = {Android.view.View.OnTouchListener},
  url          = {http://developer.android.com/reference/android/view/View.OnTouchListener.html},
  date         = {2014-02-13},
  urldate      = {2014-02-22}
}

@online{laravel,
  author       = {{Taylor Otwell}},
  title        = {Laravel - The PHP framework for web artisans},
  url          = {http://laravel.com/},
  urldate      = {2014-02-26}
}

@online{androidfundamentals,
  author       = {{Google Inc}},
  title        = {Android Fundamentals},
  url          = {http://developer.android.com/guide/components/fundamentals.html},
  date         = 2014,
  urldate      = {2014-03-01}
}


@online{zurb,
  author       = {{Zurb Inc}},
  title        = {Zurb - Design Great Products Faster},
  url          = {http://zurb.com/home},
  urldate      = {2014-02-26}
}

@online{kitkat,
  author       = {{Google Inc}},
  title        = {New media capabilities},
  url          = {http://developer.android.com/about/versions/kitkat.html#44-media},
  date         = 2013,
  urldate      = {2014-02-14}
}

@online{scr,
  author       = {Iwo Banas},
  title        = {SCR Screen Recorder Free root},
  url          = {https://play.google.com/store/apps/details?id=com.iwobanas.screenrecorder.free},
  date         = {2014-02-04},
  urldate      = {2014-02-14}
}

@online{sr,
  author       = {NLL},
  title        = {Screen Recorder},
  url          = {https://play.google.com/store/apps/details?id=com.nll.screenrecorder},
  date         = {2013-08-29},
  urldate      = {2014-02-14}
}

@online{adoc,
  author       = {{Google Inc}},
  title        = {Android Developer Reference},
  url          = {http://developer.android.com/reference/packages.html},
  date         = {2014-02-13},
  urldate      = {2014-02-15}
}

@online{uhno,
  author       = {Dianne Hackborn},
  title        = {READ\_FRAME\_BUFFER, INJECT\_EVENTS permissions to dangerous},
  url          = {https://android-review.googlesource.com/#/c/8866/},
  date         = {2009-02-12},
  urldate      = {2014-02-15}
}

@online{androidversions,
 author 	= {{Google Inc}},
 title		= {Android Platform Versions},
 url 		= {http://developer.android.com/about/dashboards/index.html?utm_source=ausdroid.net},
 date 		= {2014-02-15},
 urldate 	= {2014-02-04}
}

@online{sandbox,
 author 	= {{Google Inc}},
 title		= {Android Application Sandbox},
 url 		= {http://source.android.com/devices/tech/security/#the-application-sandbox},
 date 		= {2014-02-15},
 urldate 	= {2014-02-15}
}

@online{inda,
  author       = {Stefan Nilsson},
  title        = {DD1339 Introduktion till datalogi},
  url          = {http://www.kth.se/student/kurser/kurs/DD1339},
  date         = 2012,
  urldate      = {2014-02-15}
}

@online{superrec,
  author       = {{The Beta Family AB}},
  title        = {The Beta Family SuperRecorder SDK},
  url          = {http://thebetafamily.com/superrecorder},
  date         = 2014,
  urldate      = {2014-02-15}
}

@online{betafaq,
  author       = {{The Beta Family AB}},
  title        = {FAQ for developers},
  url          = {http://thebetafamily.com/faq/for-developers#which-mobile-platforms-do-you-support-for-beta-testing},
  date         = 2014,
  urldate      = {2014-02-28}
}

@online{sound,
  author       = {{Google Inc}},
  title        = {Audio Capture},
  url          = {http://developer.android.com/guide/topics/media/audio-capture.html},
  date         = 2014,
  urldate      = {2014-02-15}
}

@online{frontcamera,
  author       = {{Google Inc}},
  title        = {MediaRecorder},
  url          = {http://developer.android.com/reference/android/media/MediaRecorder.html},
  date         = 2014,
  urldate      = {2014-02-17}	
}

@online{catalog,
  author       = {Karl Meinke},
  title        = {DD1392: Introduction to Software Engineering},
  url          = {http://www.nada.kth.se/~karlm/mvk/mvk13/ProjectCatalog_DD1392.pdf},
  date         = 2014,
  urldate      = {2014-02-15}
}

@online{roman10,
  author      = {Liu Feipeng},
  title       = {How to Build ffmpeg with NDK r9},
  url         = {http://www.roman10.net/how-to-build-ffmpeg-with-ndk-r9/},
  date        = {2013-08-18},
  urldate     = {2014-01-16}
}

@online{dbas,
  author      = {Michael Minock},
  title       = {Databasteknik för D},
  url         = {http://www.csc.kth.se/utbildning/kth/kurser/DD1368/},
  date        = {2013-11-04},
  urldate     = {2014-02-16}
}

@online{dialog,
  author       = {{Google Inc}},
  title        = {Android Dialog},
  url          = {http://developer.android.com/guide/topics/ui/dialogs.html},
  date         = {2014-02-17},
  urldate      = {2014-02-17}	
}

@online{dbletap,
 author 	= {Sam},
 title 		= {Tvåfingersdubbeltryck},
 url 		= {http://stackoverflow.com/questions/12414680/how-to-implement-a-two-finger-double-click-in-android},
 date		= {2014-02-17},
 urldate	= {2012-09-23}
}

@online{lookback,
  author	= {{Lookback AB}},
  title		= {Lookback},
  url 		= {http://lookback.io/},
  date		= 2013,
  urldate	= {2014-02-17}
  }
  
  @online{motionevent,
    author	= {{Google Inc}},
    title		= {MotionEvent},
    url 		= {http://developer.android.com/reference/android/view/MotionEvent.html},
    date	= 2014,
    urldate	= {2014-02-17}
    }

@online{buyAllPhones,
  author       = {Kim-Mai Cutler},
  title        = {Köp av alla telefoner för betatestning},
  url          = {http://techcrunch.com/2012/05/11/this-is-what-developing-for-android-looks-like/},
  date         = {2014-02-28},
  urldate      = {2012-05-28}
}

@online{betafamily,
  author       = {{The Beta Family AB}},
  title        = {The Beta Family},
  url          = {http://www.thebetafamily.com},
  date         = {2014-02-28},
  urldate      = {2014-02-28}
}

@online{ffmpeg,
  author       = {{The FFmpeg project}},
  title        = {The FFmpeg project},
  url          = {http://www.ffmpeg.org/},
  date         = {2014-02-09},
  urldate      = {2014-02-28}
}

@online{magickwand,
  author       = {{ImageMagick Wizards}},
  title        = {MagickWand For PHP},
  url          = {http://www.magickwand.org/},
  date         = 2014,
  urldate      = {2014-02-28}
}

@online{shellexec,
  author       = {{The PHP Group}},
  title        = {PHP - shell\_exec},
  url          = {http://se2.php.net/shell_exec},
  date         = 2014,
  urldate      = {2014-02-28}
}

@online{inetF1,
  author 	= {Sten Andersson},
  title 		= {Internetprogrammering Föreläsning 1},
  url 		= {http://www.nada.kth.se/~stene/intnet14/F/F1.pdf},
  date 		= {2014-04-04},
  urldate 	= {2014-02-21}
}

@online{http,
  author 	= {{World Wide Web Consortium}},
  title		= {HTTP-protokollet},
  url 		= {http://www.w3.org/Protocols/},
  date 		= {2014-04-04},
  urldate 	= {2014-02-26}
}

@online{http,
  author 	= {{Microsoft Developer Network}},
  title		= {Model-View-Controller},
  url 		= {http://msdn.microsoft.com/en-us/library/ff649643.aspx},
  date 		= 2014,
  urldate 	= {2014-04-09}
}