@online{kitkat,
  author       = {{Google Inc}},
  title        = {New media capabilities},
  url          = {http://developer.android.com/about/versions/kitkat.html#44-media},
  date         = 2013,
  urldate      = {2014-02-14}
}
